@article{sciencedirect2023dns,
    author       = {Khormali, Aminollah and Park, Jeman and Alasmary, Hisham and Anwar, Afsah and Saad, Muhammad and Mohaisen, David},
	title        = {Domain Name System Security and Privacy: A Contemporary Survey},
	year         = 2023,
	journal      = {ScienceDirect},
	url          = {https://www.sciencedirect.com/science/article/abs/pii/S1389128620313001},
	note         = {Accessed: 13/10/2023}
}
@article{dnsabuseinstitute2023,
	title        = {Home - DNS Abuse Institute},
	year         = 2023,
	journal      = {DNS Abuse Institute},
	url          = {https://dnsabuseinstitute.org/},
	note         = {Accessed: 13/10/2023}
}
@article{acm2023dnsprivacy,
    author       = {Casey Deccio and Jacob Davis},
	title        = {DNS Privacy in Practice and Preparation},
	year         = 2023,
	journal      = {ACM Digital Library},
	url          = {https://dl.acm.org/doi/10.1145/3359989.3365435},
	note         = {Accessed: 13/10/2023}
}
@article{dnsai2022report,
	title        = {SEPTEMBER 2022 REPORT - DNS Abuse Institute},
	year         = 2022,
	journal      = {DNS Abuse Institute},
	url          = {https://dnsabuseinstitute.org/wp-content/uploads/2022/09/DNSAI-Intelligence-Report-September-2022-FINAL.pdf},
	note         = {Accessed: 13/10/2023}
}
@article{icann2022dnsabuse,
    author       = {Samaneh Tajalizadehkhoob and Russ Weinstein},
	title        = {ICANN Reports DNS Abuse is Trending Downward Globally},
	year         = 2022,
	journal      = {ICANN},
	url          = {https://www.icann.org/resources/press-material/release-2022-05-17-en},
	note         = {Accessed: 13/10/2023}
}
@article{ieee2023dohabuse,
    author       = {Karel Hynek and Tomas Cejka and Armin Wasicek and Jan Luxemburk and Dmitrii Vekshin},
	title        = {Summary of DNS Over HTTPS Abuse},
	year         = 2023,
	journal      = {IEEE Xplore},
	url          = {https://ieeexplore.ieee.org/document/9775718},
	note         = {Accessed: 13/10/2023}
}
@article{arxiv2023dnsencryption,
    author       = {Minzhao Lyu and Hassan Habibi Gharakheili and Vijay Sivaraman},
	title        = {A Survey on DNS Encryption: Current Development, Malware Misuse, and Inference Techniques},
	year         = 2023,
	journal      = {arXiv},
	url          = {https://arxiv.org/pdf/2201.00900v1.pdf},
	note         = {Accessed: 13/10/2023}
}
@article{icann2023webinar,
	title        = {Webinar: Understanding and Combating DNS Abuse - Encouraging Best Practice},
	year         = 2023,
	journal      = {ICANN},
	url          = {https://features.icann.org/event/icann-organization/webinar-understanding-and-combating-dns-abuse-%E2%80%93-encouraging-best-practice},
	note         = {Accessed: 13/10/2023}
}
@misc{webinarcare2023dnsstats,
  title        = {DNS Security Statistics 2023 - Everything You Need to Know},
  author       = {{WebinarCare}},
  year         = 2023,
  howpublished = {\url{https://webinarcare.com/best-dns-security-software/dns-security-statistics/}},
  note         = {Accessed: 25/10/2023}
}

@misc{inta2023dnstypo,
  title        = {INTA Board Resolution on Domain Name System Abuse May 2023},
  author       = {{International Trademark Association (INTA)}},
  year         = 2023,
  howpublished = {\url{https://www.inta.org/wp-content/uploads/public-files/advocacy/board-resolutions/INTA-Board-Resolution-on-Domain-Name-System-Abuse-May-2023.pdf}},
  note         = {Accessed: 25/10/2023}
}

@misc{godaddy2023dnsabuse,
  title        = {Demystifying DNS Abuse | The GoDaddy Blog},
  author       = {GoDaddy},
  year         = 2023,
  howpublished = {\url{https://www.godaddy.com/resources/skills/demystifying-dns-abuse-understanding-the-digital-threat-landscape}},
  note         = {Accessed: 25/10/2023}
}

@misc{icann2022dnsabusetrends,
  title        = {The Last Four years in Retrospect: A Brief Review of DNS Abuse Trends},
  author       = {ICANN},
  year         = 2022,
  howpublished = {\url{https://www.icann.org/en/system/files/files/last-four-years-retrospect-brief-review-dns-abuse-trends-22mar22-en.pdf}},
  note         = {Accessed: 25/10/2023}
}

@misc{dotmagazine2022dnsabuse,
  title        = {DNS Abuse: Everyone's Problem - Building Trustworthiness},
  author       = {dotmagazine},
  year         = 2022,
  howpublished = {\url{https://www.dotmagazine.online/issues/the-heart-of-it/building-trustworthiness/dns-abuse}},
  note         = {Accessed: 25/10/2023}
}

@misc{circleid2020dnstrends,
  title        = {A Look at DNS Trends and What the Future May Hold},
  author       = {CircleID},
  year         = 2020,
  howpublished = {\url{https://circleid.com/posts/20201028-a-look-at-dns-trends-and-what-the-future-may-hold/}},
  note         = {Accessed: 25/10/2023}
}

@misc{icannndnssec,
  title        = {DNSSEC â€“ What Is It and Why Is It Important?},
  author       = {ICANN},
  howpublished = {\url{https://www.icann.org/resources/pages/dnssec-what-is-it-why-important-2019-03-05-en}},
  note         = {Accessed: 25/10/2023}
}